name,ttm,03/31/2020,12/31/2019,09/30/2019,06/30/2019,03/31/2019,12/31/2018,09/30/2018,06/30/2018,03/31/2018,12/31/2017,09/30/2017,06/30/2017,03/31/2017,12/31/2016,09/30/2016,06/30/2016,03/31/2016,12/31/2015,09/30/2015,06/30/2015,03/31/2015,12/31/2014,09/30/2014,06/30/2014,03/31/2014,12/31/2013,09/30/2013,06/30/2013,03/31/2013,12/31/2012,09/30/2012,06/30/2012,03/31/2012,12/31/2011,09/30/2011,06/30/2011,03/31/2011,12/31/2010,09/30/2010,06/30/2010,03/31/2010,12/31/2009,09/30/2009,06/30/2009,03/31/2009,12/31/2008,09/30/2008,06/30/2008,03/31/2008,12/31/2007,09/30/2007,06/30/2007,03/31/2007,12/31/2006,09/30/2006,06/30/2006,03/31/2006,12/31/2005,09/30/2005,06/30/2005,03/31/2005
TotalRevenue,"6,807,000,000","1,718,000,000","1,908,000,000","1,476,000,000","1,705,000,000","1,749,000,000","1,897,000,000","1,529,000,000","1,407,000,000","1,593,000,000","1,518,000,000","903,000,000","992,000,000","891,000,000","550,613,000","331,409,000","151,171,000","67,047,000","67,272,000","67,537,000","67,689,000","67,530,000","66,559,000","67,590,000","67,328,000","67,221,000","66,999,000","67,446,000","67,637,000","66,074,000","67,301,000","66,308,000","61,396,000","69,323,000","70,824,000","64,907,000","73,609,000","74,450,000","72,124,000","66,617,000","129,764,000","130,778,000","130,013,000","128,533,000","95,695,000","62,549,000",,,,,,,,,,,,,,,,
	OperatingRevenue,"6,755,000,000","1,704,000,000","1,895,000,000","1,463,000,000","1,693,000,000","1,738,000,000","1,886,000,000","1,520,000,000","1,398,000,000","1,583,000,000","1,507,000,000","899,000,000","990,000,000","891,000,000","550,613,000","331,409,000","151,171,000","67,019,000","67,272,000","67,537,000","67,689,000","67,530,000","66,559,000","67,590,000","67,328,000","67,221,000","66,999,000","67,446,000","67,637,000","66,074,000","67,301,000","66,308,000","61,396,000","69,323,000","70,824,000","64,907,000","73,609,000","74,450,000","72,124,000","66,617,000","129,764,000","130,778,000","130,013,000","128,533,000","95,695,000","62,549,000",,,,,,,,,,,,,,,,
CostOfRevenue,"3,752,000,000","837,000,000","1,011,000,000","886,000,000","1,018,000,000","993,000,000","1,218,000,000","863,000,000","804,000,000","942,000,000","840,000,000","577,000,000","663,000,000","579,000,000","262,152,000","204,622,000","77,478,000","23,292,000","18,147,000","16,687,000","15,991,000","14,879,000","14,780,000","14,781,000","14,722,000","14,318,000","14,336,000","14,491,000","14,355,000","10,650,000","42,551,000","0","0","0","0","0","0","0","-29,274,000","8,882,000","9,253,000","11,139,000","9,678,000","7,562,000","8,719,000","6,557,000",,,,,,,,,,,,,,,,
GrossProfit,"3,055,000,000","881,000,000","897,000,000","590,000,000","687,000,000","756,000,000","679,000,000","666,000,000","603,000,000","651,000,000","678,000,000","326,000,000","329,000,000","312,000,000","288,461,000","126,787,000","73,693,000","43,755,000","49,125,000","50,850,000","51,698,000","52,651,000","51,779,000","52,809,000","52,606,000","52,903,000","52,663,000","52,955,000","53,282,000","55,424,000","24,750,000","66,308,000","61,396,000","69,323,000","70,824,000","64,907,000","73,609,000","74,450,000","101,398,000","57,735,000","120,511,000","119,639,000","120,335,000","120,971,000","86,976,000","55,992,000",,,,,,,,,,,,,,,,
OperatingExpense,"904,000,000","212,000,000","220,000,000","243,000,000","229,000,000","191,000,000","155,000,000","166,000,000","148,000,000","143,000,000","139,000,000","128,000,000","129,000,000","93,000,000","89,054,000","78,889,000","61,099,000","53,218,000","67,864,000","14,929,000","55,722,000","63,227,000","47,957,000","54,865,000","60,332,000","47,817,000","47,235,000","76,312,000","73,709,000","40,508,000","5,148,000","65,536,000","43,121,000","44,432,000","33,780,000","35,384,000","36,677,000","33,323,000","60,689,000","21,361,000","18,534,000","17,902,000","16,461,000","14,604,000","12,694,000","12,596,000","3,797,000","10,026,000","2,748,000","4,100,000","4,588,000","3,167,000","2,874,000","1,886,000",,,,,,,,
	SellingGeneralAndAdministration,"116,000,000","27,000,000","22,000,000","37,000,000","30,000,000","24,000,000","22,000,000","22,000,000","20,000,000","22,000,000","20,000,000","24,000,000","26,000,000","25,000,000","25,496,000","27,520,000","25,226,000","25,003,000","45,740,000","29,630,000","39,126,000","26,467,000","31,627,000","28,614,000","31,240,000","34,167,000","34,259,000","46,445,000","42,500,000","26,322,000","55,279,000","37,491,000","6,917,000","6,793,000","6,962,000","5,824,000","6,390,000","6,827,000","6,055,000","6,196,000","7,201,000","7,013,000","6,430,000","5,699,000","5,537,000","5,947,000","-4,628,000","8,152,000","2,729,000","4,081,000","4,812,000","3,027,000","2,785,000","1,866,000",,,,,,,,
		GeneralAndAdministrativeExpense,"116,000,000","27,000,000","22,000,000","37,000,000","30,000,000","24,000,000","22,000,000","22,000,000","20,000,000","22,000,000","20,000,000","24,000,000","26,000,000","25,000,000","25,496,000","27,520,000","25,226,000","25,003,000","45,740,000","29,630,000","39,126,000","26,467,000","31,627,000","28,614,000","31,240,000","34,167,000","34,259,000","46,445,000","42,500,000","26,322,000",,,,,,,,,,,,,,,,,,,,,,,,,,,,,,,,
			OtherGandA,"116,000,000","27,000,000","22,000,000","37,000,000","30,000,000","24,000,000","22,000,000","22,000,000","20,000,000","22,000,000","20,000,000","24,000,000","26,000,000","25,000,000","25,496,000","27,520,000","25,226,000","25,003,000","45,740,000","29,630,000","39,126,000","26,467,000","31,627,000","28,614,000","31,240,000","34,167,000","34,259,000","46,445,000","42,500,000","26,322,000",,,,,,,,,,,,,,,,,,,,,,,,,,,,,,,,
	ResearchAndDevelopment,,,,,,,,,,,,,,,,,,,,,,,,,,,,,,,,"4,331,000","15,503,000","17,900,000","6,976,000","9,894,000","12,121,000","7,482,000","4,837,000","4,627,000","772,000","326,000","0","0","0","0",,,,,,,,,,,,,,,,
	DepreciationAmortizationDepletionIncomeStatement,,,,,,,,,,,,,,,,,,,,,,,,,,,,,,,,"10,652,000","10,616,000","10,629,000","10,698,000","10,766,000","10,743,000","10,737,000","10,638,000","10,538,000","10,561,000","10,563,000","10,031,000","8,905,000","7,157,000","6,649,000","6,083,000","1,874,000","19,000","19,000","-96,000","67,000","43,000","20,000",,,,,,,,
		DepreciationAndAmortizationInIncomeStatement,,,,,,,,,,,,,,,,,,,,,,,,,,,,,,,,"10,652,000","10,616,000","10,629,000","10,698,000","10,766,000","10,743,000","10,737,000","10,638,000","10,538,000","10,561,000","10,563,000","10,031,000","8,905,000","7,157,000","6,649,000","6,083,000","1,874,000","19,000","19,000","-96,000","67,000","43,000","20,000",,,,,,,,
			DepreciationIncomeStatement,,,,,,,,,,,,,,,,,,,,,,,,,,,,,,,,"10,652,000","10,616,000","10,629,000","10,698,000","10,766,000","10,743,000","10,737,000","10,638,000","10,538,000","10,561,000","10,563,000","10,031,000","8,905,000","7,157,000","6,649,000",,,,,,,,,,,,,,,,
	OtherOperatingExpenses,,,,,,,,,,,"1,000,000",,,,,,,,,,,,,,,,,,,,,,,,,,,,,,,"11,465,000",,,,,,,,,,"73,000","46,000",,,,,,,,,
OperatingIncome,"2,151,000,000","669,000,000","677,000,000","347,000,000","458,000,000","565,000,000","524,000,000","500,000,000","455,000,000","508,000,000","539,000,000","198,000,000","200,000,000","219,000,000","199,407,000","47,898,000","12,594,000","-9,463,000","-18,739,000","35,921,000","-4,024,000","-10,576,000","3,822,000","-2,056,000","-7,726,000","5,086,000","5,428,000","-23,357,000","-20,427,000","14,916,000","19,602,000","772,000","18,275,000","24,891,000","37,044,000","29,523,000","36,932,000","41,127,000","40,709,000","36,374,000","101,977,000","101,737,000","103,874,000","106,367,000","74,282,000","43,396,000","-267,000","-10,026,000","-2,748,000","-4,100,000","-4,588,000","-3,167,000","-2,874,000","-1,886,000",,,,,,,,
NetNonOperatingInterestIncomeExpense,"-932,000,000","-234,000,000","-237,000,000","-231,000,000","-230,000,000","-187,000,000","-181,000,000","-183,000,000","-184,000,000","-185,000,000","-177,000,000","-153,000,000","-154,000,000","-130,000,000","-128,222,000","-113,227,000","-71,999,000","-43,452,000","-42,247,000","-49,360,000","-50,148,000","-42,845,000","-46,089,000","-46,884,000","-43,789,000","-40,270,000","-43,594,000","-52,528,000","-42,016,000","-40,262,000","-41,092,000","-43,626,000","-43,458,000","-43,458,000","-43,475,000","-43,319,000","-43,399,000","-43,336,000","-43,359,000","-43,351,000","-43,563,000","-43,418,000","-42,784,000","-38,024,000","-33,093,000","-32,382,000",,,,,,,,,,,,,,,,
	InterestIncomeNonOperating,,,,,,,,,,,,,,,,,,,,,,,,,,,,,,,,,,,,,,"61,000","81,000","100,000","85,000","59,000","47,000","65,000","259,000","560,000",,,,,,,,,,,,,,,,
	InterestExpenseNonOperating,"932,000,000","234,000,000","237,000,000","231,000,000","230,000,000","187,000,000","181,000,000","183,000,000","184,000,000","185,000,000","177,000,000","153,000,000","154,000,000","130,000,000","128,222,000","113,227,000","71,999,000","43,452,000","42,247,000","49,360,000",,,,,,,,,,,,,,,,,,"43,397,000","43,440,000","43,451,000","43,648,000","43,477,000","42,831,000","38,089,000","33,352,000","32,942,000",,,,,,,,,,,,,,,,
	TotalOtherFinanceCost,,,,,,,,,,,,,,,,,,,,,"50,148,000","42,845,000","46,089,000","46,884,000","43,789,000","40,270,000","43,594,000","52,528,000","42,016,000","40,262,000","41,092,000","43,626,000","43,458,000","43,458,000",,"43,319,000","43,399,000",,,,,,,,,,,,,,,,,,,,,,,,,
OtherIncomeExpense,,,"8,000,000","-6,000,000","4,000,000","7,000,000","8,000,000","-10,000,000","10,000,000","12,000,000","11,000,000","-21,000,000",,"-42,000,000","14,160,000","-16,180,000","-40,720,000","-21,991,000","4,946,000","-10,693,000","-5,871,000","-125,255,000","-28,572,000","5,700,000","-174,709,000","-34,549,000","-23,100,000","-22,224,000","15,433,000","-17,141,000","-42,031,000","432,000","322,000","-765,000","-1,031,000","-683,000","-401,000",,"-1,000",,"-43,000","505,000","782,000","1,158,000","762,000","2,574,000","2,545,000","14,697,000","-11,517,000","-820,000",,"-73,000","-46,000",,,,,,,,,
	GainOnSaleOfSecurity,,,,,,,"1,000,000","2,000,000","3,000,000","8,000,000","6,000,000","1,000,000","-3,000,000",,"31,961,000","9,183,000","-14,792,000","-20,808,000","4,819,000","-10,872,000","1,175,000","-36,384,000","-28,726,000","5,573,000","-60,178,000","-34,681,000","27,742,000","-22,335,000","95,509,000","-17,468,000","346,000","287,000","261,000","-836,000","-1,087,000","-716,000","-448,000",,,,,,,,,,,,,,,,,,,,,,,,,
	SpecialIncomeCharges,"-24,000,000","-6,000,000","-1,000,000","-14,000,000","-3,000,000","-2,000,000","0","-20,000,000",,,"0","-25,000,000","0","-42,000,000","-18,298,000","-25,765,000","-26,304,000","-1,457,000","0","0","-7,281,000","-88,992,000","0","0","-114,335,000",,"-51,066,000","0","-80,510,000",,"-42,876,000","145,000","61,000","71,000","56,000","33,000","47,000",,"-462,000","0","-43,000","505,000","782,000","1,158,000","762,000","2,574,000","2,545,000","14,697,000","-11,517,000","-820,000",,"-73,000","-46,000",,,,,,,,,
		ImpairmentOfCapitalAssets,"10,000,000","5,000,000","1,000,000","1,000,000","3,000,000","2,000,000","0","8,000,000",,,,,,,,,,,,,,,,,,,,,,,,,,,,,,,,,,,,,,,,,,,,,,,,,,,,,,
		OtherSpecialCharges,,"1,000,000","0","13,000,000",,,"0","12,000,000",,,"0","25,000,000",,"42,000,000","18,298,000","25,765,000","26,304,000","1,457,000","0",,"7,281,000","88,992,000","0",,"114,335,000",,"51,066,000",,"80,510,000",,,,,,,,,,,,,,,,,,,,,,,,,,,,,,,,,
	OtherNonOperatingIncomeExpenses,"30,000,000","6,000,000","9,000,000","8,000,000","7,000,000","9,000,000","7,000,000","8,000,000","7,000,000","4,000,000","5,000,000","3,000,000","3,000,000",,"497,000","402,000","376,000","274,000","127,000","179,000","235,000","121,000","154,000","127,000","-196,000","132,000","224,000","111,000","434,000","327,000",,,,,,,,,,,,,,,,,,,,,,,,,,,,,,,,
PretaxIncome,"1,225,000,000","435,000,000","448,000,000","110,000,000","232,000,000","385,000,000","351,000,000","307,000,000","281,000,000","335,000,000","373,000,000","24,000,000","46,000,000","47,000,000","85,345,000","-81,509,000","-100,125,000","-74,906,000","-56,040,000","-24,132,000","-60,043,000","-178,676,000","-70,839,000","-43,240,000","-226,224,000","-69,733,000","-61,266,000","-98,109,000","-47,010,000","-42,487,000","-63,521,000","-42,422,000","-24,861,000","-19,332,000","-7,462,000","-14,479,000","-6,868,000","-2,209,000",,,,,,,,,,,,,,,,,,,,,,,,
NetIncomeCommonStockholders,"1,139,000,000","435,000,000","421,000,000","92,000,000","212,000,000","364,000,000","333,000,000","291,000,000","268,000,000","322,000,000","2,369,000,000","-951,000,000","-750,000,000","-189,000,000","113,328,000","-109,570,000","-98,123,000","-73,408,000","24,604,000","-48,887,000","-58,842,000","-175,101,000","-69,421,000","-42,375,000","-221,699,000","-68,338,000","-60,040,000","-96,386,000","-37,105,000","-41,637,000","-18,481,000","-55,211,000","-37,704,000","-32,175,000","-20,489,000","-27,366,000","-18,176,000","-2,165,000","-2,598,000","-6,837,000","57,204,000","57,648,000","64,373,000","68,111,000","41,951,000","13,588,000","-28,419,000","-10,897,000","-24,513,000","-14,515,000","-12,991,000","-11,112,000","-11,991,000","-12,858,000","-22,901,000","-12,624,000","-12,624,000","-12,624,000","-1,066,000","-1,066,000","-1,066,000","-1,066,000"
	NetIncome,"1,225,000,000","435,000,000","448,000,000","110,000,000","232,000,000","385,000,000","351,000,000","307,000,000","281,000,000","335,000,000","374,000,000","23,000,000","46,000,000","47,000,000","85,345,000","-81,509,000","-100,125,000","-74,906,000","-56,040,000","-24,132,000","-60,043,000","-178,676,000","-70,839,000","-43,240,000","-226,224,000","-69,733,000","-61,266,000","-98,353,000","-37,862,000","-42,487,000","-19,145,000","-59,547,000","-38,473,000","-32,831,000","-20,907,000","-27,924,000","-18,547,000","-2,209,000","-2,651,000","-6,977,000","57,204,000","57,648,000","61,872,000","69,501,000","41,951,000","13,588,000","-28,419,000","-10,897,000","-24,513,000","-14,515,000","-12,991,000","-11,112,000","-11,991,000","-12,858,000","-22,901,000","-12,624,000","-12,624,000","-12,624,000","-1,066,000","-1,066,000","-1,066,000","-1,066,000"
		NetIncomeIncludingNoncontrollingInterests,"1,225,000,000","435,000,000","448,000,000","110,000,000","232,000,000","385,000,000","351,000,000","307,000,000","281,000,000","335,000,000","374,000,000","23,000,000","46,000,000","47,000,000","85,345,000","-81,509,000","-100,125,000","-74,906,000","-56,040,000","-24,132,000","-60,043,000","-178,676,000","-70,839,000","-43,240,000","-226,224,000","-69,733,000","-61,266,000","-98,109,000","-47,010,000","-42,487,000","-63,521,000","-42,422,000","-24,861,000","-19,332,000","-7,462,000","-14,479,000","-6,868,000","-2,209,000","-2,651,000","-6,977,000","58,371,000","58,824,000","61,872,000","69,501,000","41,951,000","13,588,000","-28,419,000","-10,897,000","-24,513,000","-14,515,000","-12,991,000","-11,112,000","-11,991,000","-12,858,000","-22,901,000","-12,624,000","-12,624,000","-12,624,000","-1,066,000","-1,066,000","-1,066,000","-1,066,000"
			NetIncomeContinuousOperations,"1,225,000,000","435,000,000","448,000,000","110,000,000","232,000,000","385,000,000","351,000,000","307,000,000","281,000,000","335,000,000","373,000,000","24,000,000","46,000,000","47,000,000","85,345,000","-81,509,000","-100,125,000","-74,906,000","-56,040,000","-24,132,000","-60,043,000","-178,676,000","-70,839,000","-43,240,000","-226,224,000","-69,733,000","-61,266,000","-98,109,000","-47,010,000","-42,487,000","-63,521,000","-42,422,000","-24,861,000","-19,332,000","-7,462,000","-14,479,000","-6,868,000","-2,209,000","-2,651,000","-6,977,000","58,371,000","58,824,000","61,872,000","69,501,000","41,951,000","13,588,000","-28,419,000","-10,897,000","-24,513,000","-14,515,000","-12,991,000","-11,112,000","-11,991,000","-12,858,000","-22,901,000","-12,624,000","-12,624,000","-12,624,000","-1,066,000","-1,066,000","-1,066,000","-1,066,000"
		MinorityInterests,,,,,,,,,,,,,,,,,,,,,,,"0","0","0","0","0","-244,000","9,148,000",,,,,,,,,,,,"-1,167,000","-1,176,000",,,,,,,,,,,,,,,,,,,,
	PreferredStockDividends,,,"27,000,000","18,000,000","20,000,000","21,000,000","18,000,000","16,000,000","13,000,000","13,000,000","9,000,000",,,"1,000,000","1,708,000","-1,630,000","-2,002,000","-1,498,000","-80,644,000","24,755,000","-1,201,000","-3,575,000","-1,418,000","-865,000","-4,525,000","-1,395,000","-1,226,000","-1,967,000","-757,000","-850,000","-664,000","-4,336,000","-769,000","-656,000","-418,000","-558,000","-371,000","-44,000",,,,,,,,,,,,,,,,,,,,,,,,
	OtherunderPreferredStockDividend,,,,,,,"110,466,000",,,,"109,064,000","974,000,000","796,000,000","235,000,000","81,348,770","29,691,000",,,"-56,610,830",,,,,,,,,,,,,,,,,,,,,"-140,000",,,,"1,390,000",,,,,,,,,,,,,,,,,,
DilutedNIAvailtoComStockholders,"835,000,000","435,000,000","304,000,000","66,000,000","153,000,000","262,000,000","240,000,000","209,000,000","193,000,000","232,000,000","2,268,000,000","-272,000,000","-212,000,000","-46,000,000","121,351,000","-15,433,000","-12,038,000","-4,706,000","312,687,000","-48,887,000","-387,000","-34,865,000","-3,524,000","4,497,000","-48,685,000","-3,203,000","-742,000","-11,521,000","6,060,000","4,716,000",,,,,,,,,,"-6,837,000","57,204,000","57,648,000","64,373,000","68,111,000","41,951,000","13,588,000","-28,419,000","-10,897,000","-24,513,000","-14,515,000","-12,991,000","-11,112,000","-11,991,000","-12,858,000","-22,901,000","-12,624,000","-12,624,000","-12,624,000","-1,066,000","-1,066,000","-1,066,000","-1,066,000"
BasicEPS,,"0.84","0.87","0.19","0.44","0.75","0.69","0.6","0.55","0.67","0.76","-1.1","-3.71","-0.8","0.07","-0.27","-0.21","-0.08","0.01","-0.18","-0.01","-0.61",,"0.08","-0.85","-0.06",,"-0.2","0.11","0.1",,"-0.25","-0.22","-0.19",,"-0.17","-0.11","-0.01",,"-0.04","0.35","0.36",,"0.43","0.26","0.08",,"-0.07","-0.15","-0.09",,"-0.07","-0.07","0",,"-0.078","-0.078","-0.078",,"-0.007","-0.007","-0.007"
DilutedEPS,,"0.84","0.87","0.19","0.44","0.75","0.69","0.6","0.55","0.67","0.76","-1.1","-3.71","-0.8","0.07","-0.27","-0.21","-0.08","0.01","-0.18","-0.01","-0.61",,"0.08","-0.85","-0.06",,"-0.2","0.11","0.1",,"-0.25","-0.22","-0.19",,"-0.17","-0.11","-0.01",,"-0.04","0.35","0.36",,"0.43","0.26","0.08",,"-0.07","-0.15","-0.09",,"-0.07","-0.07","0",,"-0.078","-0.078","-0.078",,"-0.007","-0.007","-0.007"
BasicAverageShares,,"484,000,000","514,942,529","484,000,000","484,000,000","484,000,000","348,600,000","484,000,000","484,000,000","484,000,000","348,600,000","382,600,000","192,500,000","192,500,000","337,800,000","192,470,000","192,468,000","192,468,000","337,800,000","192,465,000","192,464,000","192,464,000",,"192,463,000","192,463,000","190,412,000",,"192,463,000","192,463,000","180,931,000",,"222,091,000","169,154,000","166,401,000",,"162,792,000","162,138,000","161,915,000",,"161,800,000","161,800,000","161,800,000",,"161,800,000","161,800,000","161,800,000",,"161,800,000","161,800,000","161,800,000",,"161,800,000","161,800,000","161,800,000",,"161,800,000","161,800,000","161,800,000",,"161,800,000","161,800,000","161,800,000"
DilutedAverageShares,,"484,000,000","514,942,529","484,000,000","484,000,000","484,000,000","348,600,000","484,000,000","484,000,000","484,000,000","348,600,000","382,600,000","192,500,000","192,500,000","337,800,000","192,470,000","192,468,000","337,801,000","337,800,000","192,465,000","337,797,000","337,797,000",,"337,796,000","337,796,000","335,745,000",,"192,463,000","330,280,000","314,264,000",,"222,091,000","169,154,000","166,401,000",,"162,792,000","162,138,000","161,915,000",,"161,800,000","161,800,000","161,800,000",,"161,800,000","161,800,000","161,800,000",,"161,800,000","161,800,000","161,800,000",,"161,800,000","161,800,000","161,800,000",,"161,800,000","161,800,000","161,800,000",,"161,800,000","161,800,000","161,800,000"
TotalOperatingIncomeAsReported,"2,141,000,000","664,000,000","676,000,000","346,000,000","455,000,000","563,000,000","524,000,000","492,000,000","455,000,000","508,000,000","540,000,000","197,000,000","200,000,000","219,000,000","199,407,000","47,898,000","12,594,000","-9,463,000","-18,739,000","35,921,000","-4,024,000","-10,576,000","3,822,000","-2,056,000","-7,726,000","5,086,000","5,428,000","-23,357,000","-20,427,000","14,916,000","19,602,000","772,000","18,275,000","24,891,000","37,044,000","29,523,000","36,932,000","41,127,000","40,709,000","36,374,000","101,977,000","101,737,000","103,874,000","106,367,000","74,282,000","43,396,000","-267,000","-10,026,000","-2,748,000","-4,100,000","-4,588,000","-3,167,000","-2,874,000","-1,886,000",,,,,,,,
TotalExpenses,"4,656,000,000","1,049,000,000","1,231,000,000","1,129,000,000","1,247,000,000","1,184,000,000","1,373,000,000","1,029,000,000","952,000,000","1,085,000,000","979,000,000","705,000,000","792,000,000","672,000,000","351,206,000","283,511,000","138,577,000","76,510,000","86,011,000","31,616,000","71,713,000","78,106,000","62,737,000","69,646,000","75,054,000","62,135,000","61,571,000","90,803,000","88,064,000","51,158,000","47,699,000","65,536,000","43,121,000","44,432,000","33,780,000","35,384,000","36,677,000","33,323,000","31,415,000","30,243,000","27,787,000","29,041,000","26,139,000","22,166,000","21,413,000","19,153,000","15,267,000","10,026,000","2,748,000","4,100,000","4,588,000","3,167,000","2,874,000","1,886,000",,,,,,,,
NetIncomeFromContinuingAndDiscontinuedOperation,"1,225,000,000","435,000,000","448,000,000","110,000,000","232,000,000","385,000,000","351,000,000","307,000,000","281,000,000","335,000,000","374,000,000","23,000,000","46,000,000","47,000,000","85,345,000","-81,509,000","-100,125,000","-74,906,000","-56,040,000","-24,132,000","-60,043,000","-178,676,000","-70,839,000","-43,240,000","-226,224,000","-69,733,000","-61,266,000","-98,353,000","-37,862,000","-42,487,000","-19,145,000","-59,547,000","-38,473,000","-32,831,000","-20,907,000","-27,924,000","-18,547,000","-2,209,000","-2,651,000","-6,977,000","57,204,000","57,648,000","61,872,000","69,501,000","41,951,000","13,588,000","-28,419,000","-10,897,000","-24,513,000","-14,515,000","-12,991,000","-11,112,000","-11,991,000","-12,858,000","-22,901,000","-12,624,000","-12,624,000","-12,624,000","-1,066,000","-1,066,000","-1,066,000","-1,066,000"
NormalizedIncome,"1,239,400,000","438,600,000","448,730,000","120,220,000","234,190,000","386,460,000","350,270,000","320,140,000","278,810,000","329,160,000","370,400,000","37,400,000","47,800,000","72,200,000","77,147,200","-64,927,000","-59,029,000","-52,641,000","-60,859,000","-13,260,000","-53,937,000","-53,300,000","-42,113,000","-48,813,000","-51,711,000","-35,052,000","-37,942,000","-76,018,000","-52,861,000","-25,019,000","23,385,000","-59,979,000","-38,795,000","-32,066,000","-19,876,000","-27,241,000","-18,146,000","-2,209,000","-2,350,700","-6,977,000","57,231,950","57,319,750","61,363,700","68,748,300","41,455,700","11,914,900","-30,073,250","-20,450,050","-17,026,950","-13,982,000","-12,991,000","-11,064,550","-11,961,100","-12,858,000","-22,901,000","-12,624,000","-12,624,000","-12,624,000","-1,066,000","-1,066,000","-1,066,000","-1,066,000"
InterestIncome,,,,,,,,,,,,,,,,,,,,,,,,,,,,,,,,,,,,,,"61,000","81,000","100,000","85,000","59,000","47,000","65,000","259,000","560,000",,,,,,,,,,,,,,,,
InterestExpense,"932,000,000","234,000,000","237,000,000","231,000,000","230,000,000","187,000,000","181,000,000","183,000,000","184,000,000","185,000,000","177,000,000","153,000,000","154,000,000","130,000,000","128,222,000","113,227,000","71,999,000","43,452,000","42,247,000","49,360,000",,,,,,,,,,,,,,,,,,"43,397,000","43,440,000","43,451,000","43,648,000","43,477,000","42,831,000","38,089,000","33,352,000","32,942,000",,,,,,,,,,,,,,,,
NetInterestIncome,"-932,000,000","-234,000,000","-237,000,000","-231,000,000","-230,000,000","-187,000,000","-181,000,000","-183,000,000","-184,000,000","-185,000,000","-177,000,000","-153,000,000","-154,000,000","-130,000,000","-128,222,000","-113,227,000","-71,999,000","-43,452,000","-42,247,000","-49,360,000","-50,148,000","-42,845,000","-46,089,000","-46,884,000","-43,789,000","-40,270,000","-43,594,000","-52,528,000","-42,016,000","-40,262,000","-41,092,000","-43,626,000","-43,458,000","-43,458,000","-43,475,000","-43,319,000","-43,399,000","-43,336,000","-43,359,000","-43,351,000","-43,563,000","-43,418,000","-42,784,000","-38,024,000","-33,093,000","-32,382,000",,,,,,,,,,,,,,,,
EBIT,"2,157,000,000","669,000,000","685,000,000","341,000,000","462,000,000","572,000,000","532,000,000","490,000,000","465,000,000","520,000,000","550,000,000","177,000,000","200,000,000","177,000,000","213,567,000","31,718,000","-28,126,000","-31,454,000","-13,793,000","25,228,000","-4,024,000","-10,576,000","3,822,000","-2,056,000","-7,726,000","5,086,000","5,428,000","-23,357,000","-20,427,000","14,916,000","19,602,000","772,000","18,275,000","24,891,000","34,989,000","29,523,000","36,932,000","41,188,000","41,496,000","36,374,000","101,977,000","101,737,000","103,874,000","106,367,000","74,282,000","43,396,000","-267,000","-10,026,000","-2,748,000","-4,100,000","-4,588,000","-3,167,000","-2,874,000","-1,886,000",,,,,,,,
EBITDA,"2,708,000,000"
ReconciledCostOfRevenue,"3,752,000,000","837,000,000","1,011,000,000","886,000,000","1,018,000,000","993,000,000","1,218,000,000","863,000,000","804,000,000","942,000,000","840,000,000","577,000,000","663,000,000","579,000,000","262,152,000","204,622,000","77,478,000","23,292,000","18,147,000","16,687,000","15,991,000","14,879,000","14,780,000","14,781,000","14,722,000","14,318,000","14,336,000","14,491,000","14,355,000","10,650,000","42,551,000","0","0","0","0","1,000","0","0","-29,274,000","8,883,000","9,253,000","11,139,000","9,678,000","7,562,000","8,719,000","6,557,000",,,,,,,,,,,,,,,,
ReconciledDepreciation,"551,000,000","138,000,000","137,000,000","138,000,000","138,000,000","114,000,000","106,000,000","107,000,000","106,000,000","105,000,000","100,000,000","87,000,000","86,000,000","66,000,000","63,520,000","44,529,000","28,184,000","19,388,000","18,147,000","16,687,000","15,991,000","14,879,000","14,780,000","14,781,000","14,722,000","14,318,000","14,336,000","14,492,000","18,008,000","10,650,000","10,654,000","10,652,000","10,616,000","10,629,000","10,698,000","10,765,000","10,743,000","10,737,000","10,638,000","10,537,000","10,561,000","10,563,000","10,031,000","8,905,000","7,157,000","6,649,000","2,997,000","3,062,000","967,000","968,000","854,000","1,015,000","989,000","970,000",,,,,,,,
NetIncomeFromContinuingOperationNetMinorityInterest,"1,225,000,000","435,000,000","448,000,000","110,000,000","232,000,000","385,000,000","351,000,000","307,000,000","281,000,000","335,000,000","374,000,000","23,000,000","46,000,000","47,000,000","85,345,000","-81,509,000","-100,125,000","-74,906,000","-56,040,000","-24,132,000","-60,043,000","-178,676,000","-70,839,000","-43,240,000","-226,224,000","-69,733,000","-61,266,000","-98,353,000","-37,862,000","-42,487,000","-19,145,000","-59,547,000","-38,473,000","-32,831,000","-20,907,000","-27,924,000","-18,547,000","-2,209,000","-2,651,000","-6,977,000","57,204,000","57,648,000","61,872,000","69,501,000","41,951,000","13,588,000","-28,419,000","-10,897,000","-24,513,000","-14,515,000","-12,991,000","-11,112,000","-11,991,000","-12,858,000","-22,901,000","-12,624,000","-12,624,000","-12,624,000","-1,066,000","-1,066,000","-1,066,000","-1,066,000"
TotalUnusualItemsExcludingGoodwill,"-24,000,000","-6,000,000","-1,000,000","-14,000,000","-3,000,000","-2,000,000","1,000,000","-18,000,000","3,000,000","8,000,000","6,000,000","-24,000,000","-3,000,000","-42,000,000","13,663,000","-16,582,000","-41,096,000","-22,265,000","4,819,000","-10,872,000","-6,106,000","-125,376,000","-28,726,000","5,573,000","-174,513,000","-34,681,000","-23,324,000","-22,335,000","14,999,000","-17,468,000","-42,530,000","432,000","322,000","-765,000","-1,031,000","-683,000","-401,000",,"-462,000","0","-43,000","505,000","782,000","1,158,000","762,000","2,574,000","2,545,000","14,697,000","-11,517,000","-820,000",,"-73,000","-46,000",,,,,,,,,
TotalUnusualItems,"-24,000,000","-6,000,000","-1,000,000","-14,000,000","-3,000,000","-2,000,000","1,000,000","-18,000,000","3,000,000","8,000,000","6,000,000","-24,000,000","-3,000,000","-42,000,000","13,663,000","-16,582,000","-41,096,000","-22,265,000","4,819,000","-10,872,000","-6,106,000","-125,376,000","-28,726,000","5,573,000","-174,513,000","-34,681,000","-23,324,000","-22,335,000","14,999,000","-17,468,000","-42,530,000","432,000","322,000","-765,000","-1,031,000","-683,000","-401,000",,"-462,000","0","-43,000","505,000","782,000","1,158,000","762,000","2,574,000","2,545,000","14,697,000","-11,517,000","-820,000",,"-73,000","-46,000",,,,,,,,,
NormalizedEBITDA,"2,732,000,000","813,000,000","823,000,000","493,000,000","603,000,000","688,000,000","637,000,000","615,000,000","568,000,000","617,000,000","644,000,000","288,000,000","289,000,000","285,000,000","263,424,000","92,829,000","41,154,000","10,199,000","-465,000","52,787,000","18,073,000","129,679,000","47,328,000","7,152,000","181,509,000","54,085,000","43,088,000","13,470,000","-17,418,000","43,034,000","72,786,000","10,992,000","28,569,000","36,285,000","46,718,000","40,972,000","48,076,000","51,925,000","52,596,000","46,912,000","112,581,000","111,795,000","113,123,000","114,114,000","80,677,000","47,471,000","3,271,000","-21,661,000","9,736,000","-2,312,000","-3,734,000","-2,079,000","-1,839,000","-916,000",,,,,,,,
TaxRateForCalcs,"0.4","0.4","0.27","0.27","0.27","0.27","0.27","0.27","0.27","0.27","0.4","0.4","0.4","0.4","0.4","0","0","0","0","0","0","0","0","0","0","0","0","0","0","0","0","0","0","0","0","0","0","0","0.35","0.35","0.35","0.35","0.35","0.35","0.35","0.35","0.35","0.35","0.35","0.35","0.35","0.35","0.35","0.35","0.4","0.4","0.4","0.4","0.4","0.4","0.4","0.4"
TaxEffectOfUnusualItems,"-9,600,000","-2,400,000","-270,000","-3,780,000","-810,000","-540,000","270,000","-4,860,000","810,000","2,160,000","2,400,000","-9,600,000","-1,200,000","-16,800,000","5,465,200","0","0","0","0","0","0","0","0","0","0","0","0","0","0","0","0","0","0","0","0","0","0","0","-161,700","0","-15,050","176,750","273,700","405,300","266,700","900,900","890,750","5,143,950","-4,030,950","-287,000","0","-25,550","-16,100","0","0","0","0","0","0","0","0","0"