name,ttm,12/31/2019,12/31/2018,12/31/2017,12/31/2016,12/31/2015,04/30/2015,04/30/2014,04/30/2013,04/30/2012,04/30/2011,04/30/2010,04/30/2009,04/30/2008,04/30/2007,04/30/2006,04/30/2005,04/30/2004,04/30/2003,04/30/2002
TotalRevenue,"1,629,814,000","1,379,988,000","915,911,000","747,495,000","406,664,000",,"182,872,730.599","158,138,388.66","149,902,168.113","162,876,301.898","111,286,327.373","51,022,854.525","36,471,949.575","41,068,341.444","33,092,143.18","31,429,622.371","17,564,693.991","7,147,411.305","8,166,900.878",
	OperatingRevenue,"1,629,814,000","1,379,988,000","915,911,000","747,495,000","406,664,000",,"182,872,730.599","158,138,388.66","149,902,168.113","162,876,301.898","111,286,327.373","51,022,854.525","36,471,949.575","41,068,341.444","33,092,143.18","31,429,622.371","17,564,693.991","7,147,411.305","8,166,900.878",
CostOfRevenue,"642,443,000","486,387,000","427,568,000","458,366,000","273,022,000",,"141,206,410.459","148,551,948.23","122,538,885.705","100,205,857.775","70,422,672.733","49,645,812.626","35,175,419.022",,,"28,792,624.609","28,712,501.189","18,253,081.363","7,527,063.593",
GrossProfit,"987,371,000","893,601,000","488,343,000","289,129,000","133,642,000",,"41,666,320.14","9,586,440.43","27,363,282.408","62,670,444.123","40,863,654.64","1,377,041.899","1,296,530.552",,,"2,636,997.763","-11,147,807.198","-11,105,670.058","639,837.285",
OperatingExpense,"78,355,000","80,873,000","102,412,000","85,476,000","30,639,000",,"10,770,036.843","11,925,776.508","22,411,407.791","19,925,402.034","21,181,810.39","12,996,076.049","10,538,089.375","44,411,458.249","41,246,957.118","9,659,989.262","11,254,778.817","4,929,850.888","3,548,698.698","1,296,231.492"
	OperationAndMaintenance,"3,885,000","1,191,000","3,081,000","11,877,000","4,056,000",,,,,,,,,,,,,,,
	SellingGeneralAndAdministration,"45,828,000","45,365,000","31,565,000","24,185,000","10,367,000",,"5,686,080.455","5,046,503.774","5,516,137.32","5,412,428.918","3,348,940.853","3,645,469.032","3,897,335.511","1,644,868.824","1,300,939.243","1,715,697.539","2,257,643.888","1,377,268.752","1,580,216.721","706,892.99"
		GeneralAndAdministrativeExpense,"45,828,000","45,365,000","31,565,000","24,185,000","10,367,000",,"5,686,080.455","5,046,503.774","5,516,137.32","5,412,428.918","3,348,940.853","3,645,469.032",,"1,644,868.824","1,300,939.243","1,715,697.539",,,,
			SalariesAndWages,,,"5,216,000","3,947,000","1,230,000",,"2,269,608.536","285,685.6","1,217,463.486","2,295,008.459","262,655.804","1,041,439.512",,,,"327,015.66",,,,
			RentAndLandingFees,,,,,,,,,,,,,,"1,644,868.824","1,300,939.243",,,,,
			OtherGandA,"46,772,000","45,365,000","26,349,000","20,238,000","9,137,000",,"3,416,471.919","4,760,818.174","4,298,673.834","3,117,420.459","3,086,285.049","2,604,029.519",,,,"1,388,681.879",,,,
	ResearchAndDevelopment,,,,,,,,,,,,,,"3,843,299.272","4,387,676.988",,,,,
	DepreciationAmortizationDepletionIncomeStatement,,,,,,,,,,,"8,308,772.617","4,087,506.1","3,581,546.258","3,851,207.295","3,138,615.69","3,447,972.26","2,553,583.32","1,275,384.077","713,345.846","143,849.234"
		DepreciationAndAmortizationInIncomeStatement,,,,,,,,,,,,,,,,,"2,553,583.32","1,275,384.077","713,345.846","143,849.234"
			Amortization,,,,,,,,,,,,,,,,,"2,553,583.32","1,275,384.077","713,345.846","143,849.234"
				AmortizationOfIntangiblesIncomeStatement,,,,,,,,,,,,,,,,,"2,553,583.32","1,275,384.077","713,345.846","143,849.234"
	OtherOperatingExpenses,"28,642,000","34,317,000","67,766,000","49,414,000","16,216,000",,"5,083,956.388","6,879,272.734","16,895,270.471","14,512,973.116","9,524,096.921","5,263,100.917","3,059,207.606","35,072,082.858","32,419,725.196","4,496,319.463","6,443,551.609","2,277,198.058","1,255,136.131","445,489.268"
OperatingIncome,"909,016,000","812,728,000","385,931,000","203,653,000","103,003,000",,"30,896,283.298","-2,339,336.078","4,951,874.617","42,745,042.089","19,681,844.249","-11,619,034.15","-9,241,558.822","-3,343,116.805","-8,154,813.939","-7,022,991.499","-22,402,586.016","-16,035,520.946","-2,908,861.413","-1,296,231.492"
NetNonOperatingInterestIncomeExpense,"6,026,000","5,507,000","3,249,000","-9,092,000","-10,518,000",,"-9,684,716.528","-11,923,951.041","-7,692,155.661","391,333.592","739,985.187","397,578.902","460,677.64","1,506,478.418","784,155.096","518,567.338",,,,
	InterestIncomeNonOperating,"8,099,000","6,941,000","5,714,000","2,111,000","843,000",,"3,078,816.71","1,073,374.65","1,168,053.442","644,069.869","773,464.184","443,673.376","494,368.639","1,579,627.633","869,953.236","576,496.644",,,,
	InterestExpenseNonOperating,"1,547,000","922,000","1,496,000","9,592,000","10,949,000",,"12,763,533.237","12,997,325.691","8,860,209.103","252,736.278","33,478.997","46,094.474","33,691","73,149.215","85,798.14","57,929.306",,,,
	TotalOtherFinanceCost,"526,000","512,000","969,000","1,611,000","412,000",,,,,,,,,,,,,,,
OtherIncomeExpense,"18,076,000","-20,053,000","5,130,000","1,518,000","-19,222,000",,,,,,"-129,196.91","-990,166.22",,"27,678.081",,"-11,439.821","-546,006.818","-204,608.198","-164,918.573","9,032.941"
	GainOnSaleOfSecurity,"55,066,000","-16,226,000","6,010,000","-591,000","429,000",,,,,,,,,,,"-11,439.821",,,,
	SecuritiesAmortization,,,,,"911,000",,,,,,,,,,,,,,,
	SpecialIncomeCharges,"-40,344,000","-6,219,000","-2,017,000","-2,057,000","-20,377,000",,,,,,"-129,196.91","-990,166.22",,"27,678.081",,,,,,
		RestructuringAndMergernAcquisition,"35,074,000","1,236,000","0","1,858,000","19,370,000",,,,,,,,,,,,,,,
		WriteOff,,,,,,,,,,,"129,196.91","990,166.22",,,,,,,,
		GainOnSaleOfBusiness,,,"0","793,000",,,,,,,,,,,,,,,,
		GainOnSaleOfPPE,"-5,270,000","-4,983,000","-2,017,000","-992,000","-1,007,000",,,,,,,,,"27,678.081",,,,,,
	OtherNonOperatingIncomeExpenses,"3,354,000","2,392,000","1,137,000","4,166,000","-185,000",,,,,,,,,,,,,,,
PretaxIncome,"933,118,000","798,182,000","394,310,000","196,079,000","73,263,000",,"21,211,566.77","-14,263,287.119","-2,740,281.044","43,136,375.68","20,292,632.526",,,"-3,315,438.723","-8,154,813.939","-6,515,863.982","-23,120,584.271",,,
TaxProvision,"280,306,000","238,102,000","120,367,000","38,749,000","31,156,000",,"4,756,281.135","-4,152,937.633","862,699.37","1,078,205.572","-965,612.105",,,,"-586,619.843","-738,181.655","-796,828.92",,,
NetIncomeCommonStockholders,"652,812,000","560,080,000","273,943,000","132,426,000","42,107,000",,"16,455,285.635","-10,110,349.486","-3,602,980.414","42,058,170.108","21,258,244.63","-12,211,621.468","-8,780,881.183","-3,315,438.723","-7,568,194.096","-5,777,682.327","-22,323,755.351","-16,482,638.545","-3,443,376.966","-1,389,174.627"
	NetIncome,"652,812,000","560,080,000","273,943,000","132,426,000","42,107,000",,"16,455,285.635","-10,110,349.486","-3,602,980.414","42,058,170.108","21,258,244.63","-12,211,621.468","-8,780,881.183","-3,315,438.723","-7,568,194.096","-5,777,682.327","-22,323,755.351","-16,482,638.545","-3,443,376.966","-1,389,174.627"
		NetIncomeIncludingNoncontrollingInterests,"652,812,000","560,080,000","273,943,000","132,426,000","42,107,000",,"16,455,285.635","-10,110,349.486","-3,602,980.414","42,058,170.108","21,258,244.63","-12,211,621.468","-8,780,881.183","-3,315,438.723","-7,568,194.096","-5,777,682.327","-22,323,755.351","-16,482,638.545","-3,443,376.966","-1,389,174.627"
			NetIncomeContinuousOperations,"652,812,000","560,080,000","273,943,000","157,330,000","42,107,000",,"16,455,285.635","-10,110,349.486","-3,602,980.414","42,058,170.108","21,258,244.63","-12,211,621.468","-8,780,881.183","-3,315,438.723","-7,568,194.096","-5,777,682.327","-22,323,755.351","-16,482,638.545","-3,443,376.966","-1,389,174.627"
			NetIncomeDiscontinuousOperations,,,"0","-24,904,000",,,,,,,,,,,,,,,,
DilutedNIAvailtoComStockholders,"652,812,000","560,080,000","273,943,000","132,426,000","42,107,000",,"16,455,285.635","-10,110,349.486","-3,602,980.414","42,058,170.108","21,258,244.63","-12,211,621.468","-8,780,881.183","-3,315,438.723","-7,568,194.096","-5,777,682.327","-22,323,755.351","-16,482,638.545","-3,443,376.966","-1,389,174.627"
BasicEPS,,,"1.3","0.64","0.35","0.065","0.225","-0.146","-0.049","0.591","0.307","-0.199","-0.159","-0.059","-0.144","-0.116","-0.539","-0.554","-0.174","-0.102"
DilutedEPS,,,"1.29","0.63","0.34","0.065","0.225","-0.146","-0.049","0.581","0.307","-0.199","-0.159","-0.059","-0.144","-0.116","-0.539","-0.554","-0.174","-0.102"
BasicAverageShares,,,"210,692,000","207,436,000","121,172,000","80,570,879","73,334,778","70,150,912","70,150,912","71,528,490","68,282,898","62,628,013","56,349,826","55,470,000","52,947,000","48,118,378","41,611,019","29,693,146","19,942,514","13,387,544"
DilutedAverageShares,,,"212,623,000","208,628,000","123,889,000","81,181,454","74,145,119","70,150,912","70,150,912","72,071,486","68,671,100","62,628,013","56,349,826","55,470,000","52,947,000","48,118,378","41,611,019","29,693,146","19,942,514","13,387,544"
TotalOperatingIncomeAsReported,"875,206,000","812,340,000","387,083,000","202,798,000","84,010,000",,,,,,,"-11,665,128.624","-8,780,881.183","-3,315,438.723","-8,154,813.939","-7,022,991.499","-22,402,586.016","-16,035,520.946","-2,908,861.413","-1,296,231.492"
RentExpenseSupplemental,,,,,,,,,,,,,,"1,644,868.824","1,300,939.243",,,,,
TotalExpenses,"720,798,000","567,260,000","529,980,000","543,842,000","303,661,000",,"151,976,447.302","160,477,724.738","144,950,293.496","120,131,259.809","91,604,483.123","62,641,888.675","45,713,508.397","44,411,458.249","41,246,957.118","38,452,613.87","39,967,280.006","23,182,932.251","11,075,762.291","1,296,231.492"
InterestIncome,"8,099,000","6,941,000","5,714,000","2,111,000","843,000",,"3,078,816.71","1,073,374.65","1,168,053.442","644,069.869","773,464.184","443,673.376","494,368.639","1,579,627.633","869,953.236","576,496.644",,,,
InterestExpense,"1,547,000","922,000","1,496,000","9,592,000","10,949,000",,"12,763,533.237","12,997,325.691","8,860,209.103","252,736.278","33,478.997","46,094.474","33,691","73,149.215","85,798.14","57,929.306",,,,
NetInterestIncome,"6,026,000","5,507,000","3,249,000","-9,092,000","-10,518,000",,"-9,684,716.528","-11,923,951.041","-7,692,155.661","391,333.592","739,985.187","397,578.902","460,677.64","1,506,478.418","784,155.096","518,567.338",,,,
NetIncomeFromContinuingAndDiscontinuedOperation,"652,812,000","560,080,000","273,943,000","132,426,000","42,107,000",,"16,455,285.635","-10,110,349.486","-3,602,980.414","42,058,170.108","21,258,244.63","-12,211,621.468","-8,780,881.183","-3,315,438.723","-7,568,194.096","-5,777,682.327","-22,323,755.351","-16,482,638.545","-3,443,376.966","-1,389,174.627"
NormalizedIncome,"642,512,447.035","575,836,390","271,167,865","159,453,696","56,768,780",,"16,455,285.635","-10,110,349.486","-3,602,980.414","42,058,170.108","21,354,496.328","-11,498,701.79","-8,780,881.183","-3,343,116.805","-7,568,194.096","-5,767,538.522","-22,323,755.351","-16,482,638.545","-3,443,376.966","-1,389,174.627"
EBIT,"934,665,000","799,104,000","395,806,000","205,671,000","84,212,000",,"33,975,100.007","-1,265,961.428","6,119,928.059","43,389,111.958","20,326,111.523","-11,619,034.15","-9,241,558.822","-3,242,289.509","-8,069,015.799","-6,457,934.676","-22,402,586.016","-16,035,520.946","-2,908,861.413","-1,296,231.492"
EBITDA,"1,155,125,000"
ReconciledCostOfRevenue,"642,443,000","486,387,000","427,568,000","458,366,000","273,022,000",,"141,206,410.459","148,551,948.23","122,538,885.705","100,205,857.775","70,422,672.733","49,645,812.626","35,175,419.022",,,"28,792,624.609","29,399,638.497","18,632,400.956","7,692,441.284",
ReconciledDepreciation,"220,460,000","168,921,000","133,718,000","148,655,000","59,066,000",,"28,514,400.246","23,788,574.401","19,569,342.056","14,045,207.183","8,308,772.617","4,087,506.1","3,581,546.258","3,851,207.295","3,138,615.69","3,447,972.26","1,866,446.012","896,064.484","547,968.155","143,849.234"
NetIncomeFromContinuingOperationNetMinorityInterest,"652,812,000","560,080,000","273,943,000","157,330,000","42,107,000",,"16,455,285.635","-10,110,349.486","-3,602,980.414","42,058,170.108","21,258,244.63","-12,211,621.468","-8,780,881.183","-3,315,438.723","-7,568,194.096","-5,777,682.327","-22,323,755.351","-16,482,638.545","-3,443,376.966","-1,389,174.627"
TotalUnusualItemsExcludingGoodwill,"14,722,000","-22,445,000","3,993,000","-2,648,000","-19,948,000",,,,,,"-129,196.91","-990,166.22",,"27,678.081",,"-11,439.821",,,,
TotalUnusualItems,"14,722,000","-22,445,000","3,993,000","-2,648,000","-19,948,000",,,,,,"-129,196.91","-990,166.22",,"27,678.081",,"-11,439.821",,,,
NormalizedEBITDA,"1,140,403,000","990,470,000","525,531,000","356,974,000","163,226,000",,"62,489,500.254","22,522,612.974","25,689,270.115","57,434,319.141","28,764,081.05","-6,541,361.83","-5,660,012.564","581,239.705","-4,930,400.108","-2,998,522.595","-19,849,002.695","-14,760,136.868","-2,195,515.567","-1,152,382.258"
TaxRateForCalcs,"0.3","0.298","0.305","0.198","0.265",,"0.224","0.291","0.25","0.025","0.255","0.28","0.29","0","0.072","0.113","0.034","0.4","0.4","0.4"
TaxEffectOfUnusualItems,"4,422,447.035","-6,688,610","1,217,865","-524,304","-5,286,220",,"0","0","0","0","-32,945.212","-277,246.542","0","0","0","-1,296.016","0","0","0","0"