name,ttm,12/31/2019,12/31/2018,12/31/2017,12/31/2016,12/31/2015,12/31/2014,12/31/2013,12/31/2012,12/31/2011,12/31/2010,12/31/2009,12/31/2008,12/31/2007,12/31/2006,12/31/2005,12/31/2004,12/31/2003,12/31/2002,12/31/2001
TotalRevenue,"1,061,759,000","1,051,763,000","922,612,000","807,831,000","694,318,000","517,354,000","409,505,000","341,729,000","305,720,000","292,351,000","277,575,000","231,057,000","234,694,000","202,427,000","162,222,000","114,480,000","79,861,000","45,295,000","5,522,000","3,437,000"
	NetInterestIncome,"1,055,981,000","1,034,279,000","907,964,000","776,924,000","648,211,000","482,259,000","380,287,000","331,532,000","289,056,000","253,974,000","230,577,000","200,322,000","194,908,000","179,889,000","148,788,000","102,342,000","71,135,000","41,025,000","29,346,000","26,573,000"
		InterestIncome,"1,234,978,000","1,218,912,000","1,025,568,000","837,773,000","691,504,000","514,827,000","411,773,000","361,292,000","317,088,000","292,897,000","279,837,000","274,056,000","295,591,000","305,822,000","233,085,000","134,910,000","90,855,000","53,823,000","39,117,000","35,713,000"
			InterestIncomeFromLoansAndLease,"1,111,138,000","1,093,070,000","910,577,000","747,510,000","636,596,000","476,417,000","370,922,000","326,714,000","280,985,000","261,443,000","255,626,000","248,098,000","257,528,000","264,480,000","203,792,000","102,481,000","59,311,000","36,792,000",,
				InterestIncomeFromLoans,,,,,,,,,,"261,443,000","255,626,000","248,433,000","257,528,000","264,480,000","203,792,000","102,481,000","59,311,000","36,792,000",,
			InterestIncomeFromSecurities,"110,061,000","111,939,000","106,752,000","83,354,000","52,570,000","37,888,000","38,603,000","30,382,000","32,780,000","30,725,000","22,940,000","24,722,000","37,741,000","39,698,000","27,495,000","30,088,000","30,714,000","16,284,000","609,000",
			InterestIncomeFromFederalFundsSoldAndSecuritiesPurchaseUnderAgreementsToResell,,,,,,,"2,248,000","1,538,000","508,000","729,000","1,455,000","1,030,000","322,000","1,644,000","1,798,000","2,341,000","293,000","578,000",,
			OtherInterestIncome,"13,779,000","13,903,000","8,239,000","6,909,000","2,338,000","522,000","2,248,000","4,196,000","3,323,000","729,000","1,271,000","1,236,000",,,,,"537,000","169,000","38,508,000",
		InterestExpense,"178,997,000","184,633,000","117,604,000","60,849,000","43,293,000","32,568,000","31,486,000","29,760,000","28,032,000","38,923,000","49,260,000","73,734,000","100,683,000","125,933,000","84,297,000","32,568,000","19,720,000","12,798,000","9,771,000","9,140,000"
			InterestExpenseForDeposit,"155,133,000","158,405,000","90,464,000","41,965,000","29,722,000","21,795,000","20,012,000","16,335,000","16,794,000","27,977,000","41,329,000","61,905,000","69,136,000","98,128,000","65,612,000","25,546,000","12,123,000","8,158,000",,
			InterestExpenseForShortTermDebt,,,,,,,,,,,,,"13,722,000","8,700,000","11,101,000","3,234,000","4,472,000","1,671,000",,
			InterestExpenseForLongTermDebtAndCapitalSecurities,"22,664,000","24,762,000","26,616,000","18,834,000","13,506,000","10,685,000","11,393,000","13,329,000","11,044,000","10,610,000","7,393,000","8,200,000","11,826,000","10,708,000","7,584,000","3,788,000","3,125,000","2,969,000",,
			InterestExpenseForFederalFundsSoldAndSecuritiesPurchaseUnderAgreementsToResell,,,,,,,"81,000","96,000","194,000","336,000","538,000","3,629,000","5,999,000","8,397,000",,,,,,
			OtherInterestExpense,"1,200,000","1,466,000","524,000","50,000","65,000","88,000",,,,,,"121,588,000",,,,,,,,
	NonInterestIncome,"5,778,000","17,484,000","14,648,000","30,907,000","46,107,000","35,095,000","29,218,000","10,197,000","16,664,000","38,377,000","46,998,000","30,735,000","39,786,000","22,538,000","13,434,000","12,138,000","8,726,000","4,270,000","-23,824,000","-23,136,000"
		TotalPremiumsEarned,"3,882,000","3,901,000","3,946,000","3,861,000","3,762,000","3,899,000","4,508,000","4,809,000","4,439,000","5,372,000","3,299,000","2,192,000",,,,,,,,
		FeesAndCommissions,"-11,615,000","-11,304,000","2,525,000","8,898,000","17,327,000","13,125,000","7,462,000","6,740,000","3,737,000","15,092,000","12,293,000","17,459,000","16,624,000","14,592,000","10,796,000","8,194,000","5,229,000","1,998,000",,
			FeesandCommissionIncome,"31,200,000","30,332,000","30,304,000","26,659,000","23,262,000","20,266,000","14,214,000","13,883,000","13,016,000","15,092,000","12,293,000","17,459,000","16,624,000","14,592,000","10,796,000","8,194,000","5,229,000","1,998,000",,
				ServiceChargeOnDepositorAccounts,"24,345,000","23,353,000","22,295,000","20,346,000","18,824,000","16,587,000","10,451,000","9,920,000","9,452,000","9,102,000","8,969,000","8,172,000",,,,,,,,
				TrustFeesbyCommissions,,,,,,,,,,"2,537,000","4,003,000","9,287,000","10,489,000","9,764,000","7,346,000","5,699,000","2,896,000",,,
				CreditCard,"6,855,000","6,979,000","8,009,000","6,313,000","4,438,000","3,679,000",,,,,,,,,,,,,,
				OtherCustomerServices,,,,,,,"3,763,000","3,963,000","3,564,000","3,453,000","3,324,000","9,287,000","6,135,000","4,828,000","3,450,000","2,495,000","2,333,000",,,
			FeesandCommissionExpense,"42,815,000","41,636,000","27,779,000","17,761,000","5,935,000","7,141,000","6,752,000","7,143,000","9,279,000",,,,,,,,,,,
		DividendIncome,"6,115,000","6,133,000","7,915,000","7,740,000","9,002,000","10,317,000","4,606,000","1,363,000","1,207,000","3,694,000","1,976,000","1,967,000",,,,,,,,
		TradingGainLoss,,,,,,,,,,,,"3,631,000",,,,,,,,
		ForeignExchangeTradingGains,"5,220,000","4,987,000","4,760,000","3,536,000",,,,,,,,,,,,,,,,
		GainLossonSaleofAssets,"-4,505,000","7,611,000","-6,936,000","4,635,000","9,180,000","2,685,000","6,178,000","1,192,000","-258,000","4,798,000","19,119,000","-5,437,000","9,171,000","2,852,000","-4,436,000","69,000","19,000","-265,000",,
			GainOnSaleOfSecurity,"-5,791,000","8,271,000","-11,267,000","2,343,000","5,285,000","615,000","757,000","-1,195,000","3,949,000","4,798,000","19,488,000","15,837,000","138,000","434,000","-4,436,000","69,000",,,,
			GainonSaleofLoans,"3,555,000","3,158,000","4,340,000","2,212,000","3,770,000",,,,,,,,,,,,,,,
			GainonSaleofInvestmentProperty,"-2,269,000","-3,818,000","-9,000","80,000","125,000","2,070,000","5,421,000","2,387,000","-4,207,000",,"-369,000","-21,274,000","9,033,000","2,418,000",,,"19,000","-265,000",,
		OtherNonInterestIncome,"6,681,000","6,156,000","2,438,000","2,237,000","6,836,000","5,069,000","6,464,000","-3,907,000","7,539,000","9,421,000","10,311,000","13,115,000","13,991,000","5,094,000","7,074,000","3,875,000","3,478,000","2,537,000","-23,824,000","-23,136,000"
CreditLossesProvision,"-65,140,000","-18,500,000","-23,000,000","-17,250,000","-8,000,000","-3,200,000","-4,726,000","-13,220,000","-46,844,000","-46,188,000","-93,211,000","-149,099,000","-68,189,000","-20,259,000","-4,660,000","-6,179,000","-3,914,000","-5,145,000","-1,587,000",
NonInterestExpense,"446,300,000","437,327,000","397,879,000","343,260,000","312,727,000","246,699,000","206,580,000","190,776,000","170,899,000","194,034,000","195,107,000","181,515,000","161,237,000","133,670,000","96,086,000","64,864,000","44,929,000","27,290,000","19,050,000","18,256,000"
	OccupancyAndEquipment,"32,505,000","32,507,000","29,404,000","27,860,000","27,303,000","22,180,000","18,192,000","19,126,000","18,815,000","19,972,000","19,580,000","21,049,000","20,891,000","18,120,000","12,958,000","9,819,000","7,309,000","4,820,000",,
		NetOccupancyExpense,"32,505,000","32,507,000","29,404,000","27,860,000","27,303,000","22,180,000","18,192,000","19,126,000","18,815,000","19,972,000","19,580,000","21,049,000",,,,,,,,
	ProfessionalExpenseAndContractServicesExpense,"39,879,000","37,009,000","28,722,000","29,814,000","24,610,000","18,548,000","14,278,000","13,633,000","8,229,000","7,678,000","4,256,000","12,150,000",,,,,,,,
	SellingGeneralAndAdministration,"339,001,000","333,017,000","299,689,000","251,415,000","223,964,000","178,492,000","148,024,000","132,061,000","124,911,000","133,453,000","145,913,000","127,847,000","98,596,000","83,397,000","59,009,000","39,622,000","27,262,000","16,604,000",,
		GeneralAndAdministrativeExpense,"334,639,000","328,818,000","295,919,000","247,611,000","220,368,000","175,607,000","145,724,000","129,480,000","119,304,000","128,777,000","141,852,000","121,384,000","88,349,000","76,582,000","54,767,000","36,816,000","25,590,000","15,615,000",,
			SalariesAndWages,"282,782,000","279,274,000","253,238,000","214,344,000","188,810,000","149,828,000","126,630,000","113,434,000","105,044,000","93,140,000","86,586,000","95,466,000","88,349,000","76,582,000","54,767,000","36,816,000","25,590,000","15,615,000",,
			InsuranceAndClaims,"12,113,000","11,924,000","14,005,000","14,042,000","12,898,000","11,003,000","8,862,000","8,094,000","8,511,000","11,045,000","15,475,000","12,532,000",,,,,,,,
			OtherGandA,"39,744,000","37,620,000","28,676,000","19,225,000","18,660,000","14,776,000","10,232,000","7,952,000","5,749,000","24,592,000","39,791,000","13,386,000",,,,,,,,
		SellingAndMarketingExpense,"4,362,000","4,199,000","3,770,000","3,804,000","3,596,000","2,885,000","2,300,000","2,581,000","5,607,000","4,676,000","4,061,000","6,463,000","10,247,000","6,815,000","4,242,000","2,806,000","1,672,000","989,000",,
	DepreciationAmortizationDepletionIncomeStatement,"1,533,000","1,547,000","1,594,000","2,074,000","2,788,000","1,970,000","1,461,000","2,388,000","3,256,000","4,760,000","6,110,000","7,010,000",,,,,,,,
		DepreciationAndAmortizationInIncomeStatement,"1,533,000","1,547,000","1,594,000","2,074,000","2,788,000","1,970,000","1,461,000","2,388,000","3,256,000","4,760,000","6,110,000","7,010,000",,,,,,,,
			DepreciationIncomeStatement,,,,,,,,,,"1,201,000","2,506,000","3,229,000",,,,,,,,
			Amortization,"1,533,000","1,547,000","1,594,000","2,074,000","2,788,000","1,970,000","1,461,000","2,388,000","3,256,000","3,559,000","3,604,000","3,781,000",,,,,,,,
				AmortizationOfIntangiblesIncomeStatement,"1,533,000","1,547,000","1,594,000","2,074,000","2,788,000","1,970,000","1,461,000","2,388,000","3,256,000","3,559,000","3,604,000","3,781,000",,,,,,,,
	SecuritiesAmortization,,,,,,,,"5,018,000","1,779,000",,,,,,,,,,,
	OtherNonInterestExpense,"33,382,000","33,247,000","38,470,000","32,097,000","34,062,000","25,509,000","24,625,000","18,550,000","13,909,000","28,171,000","19,248,000","13,459,000","41,750,000","32,153,000","24,119,000","15,423,000","10,358,000","5,866,000",,
IncomefromAssociatesandOtherParticipatingInterests,"10,047,000","8,290,000","8,595,000","4,496,000",,,,,,,,,,,,,,,,
SpecialIncomeCharges,,,"0","0","-12,412,000","-8,917,000","-700,000","2,905,000","11,308,000","-1,790,000","163,000","-93,455,000","-295,676,000",,,,,,,
	RestructuringAndMergernAcquisition,,,"0","0","12,412,000","8,836,000","198,000","5,752,000","2,819,000","1,564,000","1,651,000",,,,,,,,,
	ImpairmentOfCapitalAssets,,,,,,"0","0","10,044,000","14,127,000","226,000","1,186,000","93,455,000",,,,,,,,
	LossonExtinguishmentofDebt,,,,"0","0","81,000","502,000","1,387,000","0","0","-3,000,000",,,,,,,,,
OtherNonOperatingIncomeExpenses,,,,,,,,,,"226,000","-1,814,000","43,784,000",,,,,,,,
PretaxIncome,"560,366,000","604,226,000","510,328,000","451,817,000","361,179,000","258,538,000","197,499,000","140,638,000","99,285,000","50,339,000","-10,580,000","-193,012,000","-290,626,000","48,388,000","61,476,000","43,437,000","31,018,000","12,860,000","12,644,000","8,954,000"
TaxProvision,"98,027,000","105,055,000","74,540,000","126,325,000","101,381,000","64,294,000","48,390,000","25,254,000","23,961,000","16,849,000","-6,410,000","-41,606,000","-54,166,000","15,513,000","21,587,000","15,372,000","10,961,000","4,171,000","4,235,000","3,001,000"
NetIncomeCommonStockholders,"462,339,000","499,171,000","435,788,000","325,492,000","259,798,000","193,494,000","146,564,000","113,113,000","69,041,000","15,288,000","-17,077,000","-161,148,000","-237,541,000","32,875,000","39,889,000","28,065,000","20,057,000","8,689,000","8,409,000","5,953,000"
	NetIncome,"462,339,000","499,171,000","435,788,000","325,492,000","259,798,000","194,244,000","147,951,000","114,523,000","72,834,000","31,494,000","-7,195,000","-151,406,000","-236,460,000","32,875,000","39,889,000","28,065,000","20,057,000","8,689,000","8,409,000","5,953,000"
		NetIncomeIncludingNoncontrollingInterests,"462,339,000","499,171,000","435,788,000","325,492,000","259,798,000","194,244,000","147,951,000","114,523,000","72,834,000","31,494,000","-7,195,000","-151,406,000","-236,242,000","32,985,000","39,889,000","28,065,000","20,057,000","8,689,000","8,409,000","5,953,000"
			NetIncomeContinuousOperations,"462,339,000","499,171,000","435,788,000","325,492,000","259,798,000","194,244,000","149,109,000","115,384,000","75,324,000","33,490,000","-4,170,000","-151,406,000","-236,460,000","32,875,000","39,889,000","28,065,000","20,057,000","8,689,000","8,409,000","5,953,000"
			NetIncomeDiscontinuousOperations,,,"0",,"0","0","-1,158,000","-861,000","-2,490,000","-1,996,000","-3,025,000",,,,,,,,,
		MinorityInterests,,,,,,,,,,,,,"-218,000","-110,000",,,,,,
	PreferredStockDividends,,,,,,"750,000","1,387,000","1,410,000","3,793,000","16,206,000","9,882,000","9,742,000","1,081,000",,,,,,,
DilutedNIAvailtoComStockholders,"462,339,000","499,171,000","435,788,000","325,492,000","259,798,000","193,494,000","146,564,000","113,113,000","69,041,000","15,288,000","-17,077,000","-161,148,000","-237,541,000","32,875,000","39,889,000","28,065,000","20,057,000","8,689,000","8,409,000","5,953,000"
BasicEPS,,"4.869","4.163","3.124","2.521","2.046","1.691","1.32","0.86","0.19","-0.23","-2.74","-7.27","1.14","1.56","1.36","1.17","0.61","0.79","0.55"
DilutedEPS,,"4.84","4.14","3.1","2.5","2.03","1.67","1.31","0.83","0.19","-0.23","-2.74","-7.27","1.06","1.41","1.24","1.09","0.59","0.78","0.54"
BasicAverageShares,,"102,523,671","104,669,000","104,179,000","103,042,000","94,570,000","86,693,000","85,682,000","82,285,000","80,909,000","75,083,000","58,813,139","32,652,000","28,837,719","25,569,872","20,636,029","17,142,735","14,313,611","10,644,304","10,823,636"
DilutedAverageShares,,"103,133,000","105,370,000","104,997,000","103,843,000","95,219,000","87,506,000","86,541,000","82,912,000","81,183,000","75,083,000","58,813,139","32,652,000","31,014,151","28,290,071","22,633,065","18,400,917","14,613,173","10,780,769","11,024,074"
InterestIncomeAfterProvisionForLoanLoss,"990,841,000","1,015,779,000","884,964,000","759,674,000","640,211,000","479,059,000","375,561,000","318,312,000","242,212,000","207,786,000","137,366,000","51,223,000","126,719,000","159,630,000","144,128,000","96,163,000","67,221,000","35,880,000","27,759,000","26,573,000"
NetIncomeFromContinuingAndDiscontinuedOperation,"462,339,000","499,171,000","435,788,000","325,492,000","259,798,000","194,244,000","147,951,000","114,523,000","72,834,000","31,494,000","-7,195,000","-151,406,000","-236,460,000","32,875,000","39,889,000","28,065,000","20,057,000","8,689,000","8,409,000","5,953,000"
NormalizedIncome,"464,211,075.021","502,325,049.8","435,795,685.1","325,434,368","268,636,039.1","199,388,151.1","145,544,645","111,044,560","69,934,341","34,680,867.916","-4,036,100","-61,408,181.346","-3,240,660.436","31,232,201.166","39,889,000","28,065,000","20,044,714.134","8,868,050.156","8,409,000","5,953,000"
TotalMoneyMarketInvestments,,,,,,,"2,248,000","1,538,000","508,000","729,000","1,455,000","1,030,000","322,000","1,644,000","1,798,000","2,341,000","293,000","578,000",,
ReconciledDepreciation,"29,899,000","28,915,000","14,319,000","13,393,000","2,788,000","1,970,000","1,461,000","9,237,000","9,561,000","10,623,000","14,091,000","15,489,000","12,873,000","12,782,000","7,734,000","5,002,000","6,327,000","4,741,000",,
NetIncomeFromContinuingOperationNetMinorityInterest,"462,339,000","499,171,000","435,788,000","325,492,000","259,798,000","194,244,000","149,109,000","115,384,000","75,324,000","33,490,000","-4,170,000","-151,406,000","-236,460,000","32,875,000","39,889,000","28,065,000","20,057,000","8,689,000","8,409,000","5,953,000"
TotalUnusualItemsExcludingGoodwill,"-2,269,000","-3,818,000","-9,000","80,000","-12,287,000","-6,847,000","4,721,000","5,292,000","7,101,000","-1,790,000","-206,000","-114,729,000","-286,643,000","2,418,000",,,"19,000","-265,000",,
TotalUnusualItems,"-2,269,000","-3,818,000","-9,000","80,000","-12,287,000","-6,847,000","4,721,000","5,292,000","7,101,000","-1,790,000","-206,000","-114,729,000","-286,643,000","2,418,000",,,"19,000","-265,000",,
TaxRateForCalcs,"0.175","0.174","0.146","0.28","0.281","0.249","0.245","0.18","0.241","0.335","0.35","0.216","0.186","0.321","0.351","0.354","0.353","0.324","0.335","0.335"
TaxEffectOfUnusualItems,"-396,924.979","-663,950.2","-1,314.9","22,368","-3,448,960.9","-1,702,848.9","1,156,645","952,560","1,711,341","-599,132.084","-72,100","-24,731,181.346","-53,423,660.436","775,201.166","0","0","6,714.134","-85,949.844","0","0"